% Abe:1997eua
@Article{Abe:1997eua,
     author    = "Abe, F. and others",
 collaboration = "CDF",
     title     = "{Measurement of the differential cross section for events
                  with large total transverse energy in $p\bar{p}$ collisions
                  at $\sqrt{s} = 1.8$ TeV}",
     journal   = "Phys. Rev. Lett.",
     volume    = "80",
     year      = "1998",
     pages     = "3461-3466",
     doi       = "10.1103/PhysRevLett.80.3461",
     SLACcitation  = "%%CITATION = PRLTA,80,3461;%%"
}

% Aaltonen:2008dn
@Article{Aaltonen:2008dn,
     author    = "Aaltonen, T. and others",
 collaboration = "CDF",
     title     = "{Search for new particles decaying into dijets in proton-
                  antiproton collisions at sqrt(s) = 1.96 TeV}",
     journal   = "Phys. Rev.",
     volume    = "D79",
     year      = "2009",
     pages     = "112002",
     eprint    = "0812.4036",
     archivePrefix = "arXiv",
     primaryClass  =  "hep-ex",
     doi       = "10.1103/PhysRevD.79.112002",
     SLACcitation  = "%%CITATION = 0812.4036;%%"
}

% Abazov:2009av
@Article{Abazov:2009av,
     author    = "Abazov, V. M. and others",
 collaboration = "D0",
     title     = "{Measurements of differential cross sections of $Z
                  /\gamma^\ast$+jets+X events in proton anti-proton
                  collisions at $\sqrt{s}$=1.96 TeV}",
     journal   = "Phys. Lett.",
     volume    = "B678",
     year      = "2009",
     pages     = "45-54",
     eprint    = "0903.1748",
     archivePrefix = "arXiv",
     primaryClass  =  "hep-ex",
     doi       = "10.1016/j.physletb.2009.05.058",
     SLACcitation  = "%%CITATION = 0903.1748;%%"
}

% Abazov:2009pp
@Article{Abazov:2009pp,
     author    = "Abazov, Victor Mukhamedovich and others",
 collaboration = "D0",
     title     = "{Measurement of $Z / \gamma^\ast +jet+X$ angular
                  distributions in $p \bar{p}$ collisions at $\sqrt{s}=1.96$
                  TeV}",
     journal   = "Phys. Lett.",
     volume    = "B682",
     year      = "2010",
     pages     = "370-380",
     eprint    = "0907.4286",
     archivePrefix = "arXiv",
     primaryClass  =  "hep-ex",
     doi       = "10.1016/j.physletb.2009.11.012",
     SLACcitation  = "%%CITATION = 0907.4286;%%"
}

% Pfeifenschneider:1999rz
@Article{Pfeifenschneider:1999rz,
     author    = "Pfeifenschneider, P. and others",
 collaboration = "JADE",
     title     = "{QCD analyses and determinations of alpha(s) in e+ e-
                  annihilation at  energies between 35-GeV and 189-GeV}",
     journal   = "Eur. Phys. J.",
     volume    = "C17",
     year      = "2000",
     pages     = "19-51",
     eprint    = "hep-ex/0001055",
     archivePrefix = "arXiv",
     doi       = "10.1007/s100520000432",
     SLACcitation  = "%%CITATION = HEP-EX/0001055;%%"
}

% Affolder:2000ew
@Article{Affolder:2000ew,
     author    = "Affolder, Anthony Allen and others",
 collaboration = "CDF",
     title     = "{Measurement of the two-jet differential cross section in
                  $p\bar{p}$ collisions at $\sqrt{s} = 1800$ GeV}",
     journal   = "Phys. Rev.",
     volume    = "D64",
     year      = "2001",
     pages     = "012001",
     eprint    = "hep-ex/0012013",
     archivePrefix = "arXiv",
     doi       = "10.1103/PhysRevD.64.012001",
     SLACcitation  = "%%CITATION = HEP-EX/0012013;%%"
}

% Ackerstaff:1998hz
@Article{Ackerstaff:1998hz,
     author    = "Ackerstaff, K. and others",
 collaboration = "OPAL",
     title     = "{Measurements of flavour dependent fragmentation functions
                  in  Z0 --> q anti-q events}",
     journal   = "Eur. Phys. J.",
     volume    = "C7",
     year      = "1999",
     pages     = "369-381",
     eprint    = "hep-ex/9807004",
     archivePrefix = "arXiv",
     doi       = "10.1007/s100529901067",
     SLACcitation  = "%%CITATION = HEP-EX/9807004;%%"
}

% Alner:1986xu
@Article{Alner:1986xu,
     author    = "Alner, G. J. and others",
 collaboration = "UA5",
     title     = "{Scaling of Pseudorapidity Distributions at c.m. Energies
                  Up to 0.9-TeV}",
     journal   = "Z. Phys.",
     volume    = "C33",
     year      = "1986",
     pages     = "1-6",
     doi       = "10.1007/BF01410446",
     SLACcitation  = "%%CITATION = ZEPYA,C33,1;%%"
}

% :2007cp
@Article{:2007cp,
     author    = "Aaltonen, T. and others",
 collaboration = "CDF - Run II",
     title     = "{Measurement of inclusive jet cross-sections in Z/gamma*(--
                  -> $e^{+} e^{-)}$ + jets production in $p \bar{p}$
                  collisions at $\sqrt{s}$ = 1.96-TeV}",
     journal   = "Phys. Rev. Lett.",
     volume    = "100",
     year      = "2008",
     pages     = "102001",
     eprint    = "0711.3717",
     archivePrefix = "arXiv",
     primaryClass  =  "hep-ex",
     doi       = "",
     SLACcitation  = "%%CITATION = 0711.3717;%%"
}

% Aaltonen:2009pc
@Article{Aaltonen:2009pc,
     author    = "Aaltonen, T. and others",
 collaboration = "CDF",
     title     = "{Measurement of $d\sigma/dy$ of Drell-Yan $e^+e^-$ pairs in
                  the $Z$ Mass Region from $p\bar{p}$ Collisions at
                  $\sqrt{s}=1.96$ TeV}",
     year      = "2009",
     eprint    = "0908.3914",
     archivePrefix = "arXiv",
     primaryClass  =  "hep-ex",
     SLACcitation  = "%%CITATION = 0908.3914;%%"
}

% Abazov:2006gs
@Article{Abazov:2006gs,
     author    = "Abazov, V. M. and others",
 collaboration = "D0",
     title     = "{Measurement of the ratios of the Z/G* + >= n jet
                  production cross   sections to the total inclusive Z/G*
                  cross section in ppbar collisions at   sqrt(s) = 1.96
                  TeV}",
     journal   = "Phys. Lett.",
     volume    = "B658",
     year      = "2008",
     pages     = "112-119",
     eprint    = "hep-ex/0608052",
     archivePrefix = "arXiv",
     doi       = "10.1016/j.physletb.2007.10.046",
     SLACcitation  = "%%CITATION = HEP-EX/0608052;%%"
}

% Affolder:2001fa
@Article{Affolder:2001fa,
     author    = "Affolder, Anthony Allen and others",
 collaboration = "CDF",
     title     = "{Measurement of the inclusive jet cross section in
                  $\bar{p}p$ collisions at $\sqrt{s} = 1.8$ TeV}",
     journal   = "Phys. Rev.",
     volume    = "D64",
     year      = "2001",
     pages     = "032001",
     eprint    = "hep-ph/0102074",
     archivePrefix = "arXiv",
     doi       = "10.1103/PhysRevD.64.032001",
     SLACcitation  = "%%CITATION = HEP-PH/0102074;%%"
}

% Abazov:2008er
@Article{Abazov:2008er,
     author    = "Abazov, V. M. and others",
 collaboration = "D0",
     title     = "{Measurement of the differential cross-section for the
                  production of an isolated photon with associated jet in $p
                  \bar{p}$ collisions at $\sqrt{s}$ = 1.96-TeV}",
     journal   = "Phys. Lett.",
     volume    = "B666",
     year      = "2008",
     pages     = "435-445",
     eprint    = "0804.1107",
     archivePrefix = "arXiv",
     primaryClass  =  "hep-ex",
     doi       = "10.1016/j.physletb.2008.06.076",
     SLACcitation  = "%%CITATION = 0804.1107;%%"
}

% Abreu:1995qx
@Article{Abreu:1995qx,
     author    = "Abreu, P. and others",
 collaboration = "DELPHI",
     title     = "{Strange baryon production in Z hadronic decays}",
     journal   = "Z. Phys.",
     volume    = "C67",
     year      = "1995",
     pages     = "543-554",
     doi       = "10.1007/BF01553980",
     SLACcitation  = "%%CITATION = ZEPYA,C67,543;%%"
}

% Abulencia:2005yg
@Article{Abulencia:2005yg,
     author    = "Abulencia, A. and others",
 collaboration = "CDF",
     title     = "{Measurement of the inclusive jet cross section in
                  $p\bar{p}$ interactions at $\sqrt{s} =$ 1.96-TeV using a
                  cone-based jet algorithm}",
     journal   = "Phys. Rev.",
     volume    = "D74",
     year      = "2006",
     pages     = "071103",
     eprint    = "hep-ex/0512020",
     archivePrefix = "arXiv",
     doi       = "10.1103/PhysRevD.74.071103",
     SLACcitation  = "%%CITATION = HEP-EX/0512020;%%"
}

% Aaltonen:2009ty
@Article{Aaltonen:2009ty,
     author    = "Aaltonen, T. and others",
 collaboration = "CDF",
     title     = "{Measurement of the Inclusive Isolated Prompt Photon Cross
                  Section in ppbar Collisions at sqrt{s} = 1.96 TeV using the
                  CDF Detector}",
     journal   = "Phys. Rev.",
     volume    = "D80",
     year      = "2009",
     pages     = "111106",
     eprint    = "0910.3623",
     archivePrefix = "arXiv",
     primaryClass  =  "hep-ex",
     doi       = "10.1103/PhysRevD.80.111106",
     SLACcitation  = "%%CITATION = 0910.3623;%%"
}

% Decamp:1991uz
@Article{Decamp:1991uz,
     author    = "Decamp, D. and others",
 collaboration = "ALEPH",
     title     = "{Measurement of the charged particle multiplicity
                  distribution in hadronic Z decays}",
     journal   = "Phys. Lett.",
     volume    = "B273",
     year      = "1991",
     pages     = "181-192",
     doi       = "10.1016/0370-2693(91)90575-B",
     SLACcitation  = "%%CITATION = PHLTA,B273,181;%%"
}

% Abe:1989td
@Article{Abe:1989td,
     author    = "Abe, F. and others",
 collaboration = "CDF",
     title     = "{Pseudorapidity distributions of charged particles produced
                  in $\bar{p}p$ interactions at $\sqrt{s} = 630$ GeV and 1800
                  GeV}",
     journal   = "Phys. Rev.",
     volume    = "D41",
     year      = "1990",
     pages     = "2330",
     doi       = "10.1103/PhysRevD.41.2330",
     SLACcitation  = "%%CITATION = PHRVA,D41,2330;%%"
}

% Albajar:1989an
@Article{Albajar:1989an,
     author    = "Albajar, C. and others",
 collaboration = "UA1",
     title     = "{A Study of the General Characteristics of $p\bar{p}$
                  Collisions at $\sqrt{s}$ = 0.2-TeV to 0.9-TeV}",
     journal   = "Nucl. Phys.",
     volume    = "B335",
     year      = "1990",
     pages     = "261",
     doi       = "10.1016/0550-3213(90)90493-W",
     SLACcitation  = "%%CITATION = NUPHA,B335,261;%%"
}

% Abelev:2006cs
@Article{Abelev:2006cs,
     author    = "Abelev, B. I. and others",
 collaboration = "STAR",
     title     = "{Strange particle production in p + p collisions at
                  s**(1/2) = 200-GeV}",
     journal   = "Phys. Rev.",
     volume    = "C75",
     year      = "2007",
     pages     = "064901",
     eprint    = "nucl-ex/0607033",
     archivePrefix = "arXiv",
     doi       = "10.1103/PhysRevC.75.064901",
     SLACcitation  = "%%CITATION = NUCL-EX/0607033;%%"
}

% Abreu:1996na
@Article{Abreu:1996na,
     author    = "Abreu, P. and others",
 collaboration = "DELPHI",
     title     = "{Tuning and test of fragmentation models based on
                  identified particles  and precision event shape data}",
     journal   = "Z. Phys.",
     volume    = "C73",
     year      = "1996",
     pages     = "11-60",
     doi       = "10.1007/s002880050295",
     SLACcitation  = "%%CITATION = ZEPYA,C73,11;%%"
}

% Acosta:2004wqa
@Article{Acosta:2004wqa,
     author    = "Acosta, Darin E. and others",
 collaboration = "CDF",
     title     = "{The underlying event in hard interactions at the Tevatron
                  $\bar{p}p$  collider}",
     journal   = "Phys. Rev.",
     volume    = "D70",
     year      = "2004",
     pages     = "072002",
     eprint    = "hep-ex/0404004",
     archivePrefix = "arXiv",
     doi       = "10.1103/PhysRevD.70.072002",
     SLACcitation  = "%%CITATION = HEP-EX/0404004;%%"
}

% Adloff:1999ws
@Article{Adloff:1999ws,
     author    = "Adloff, C. and others",
 collaboration = "H1",
     title     = "{Measurements of transverse energy flow in deep inelastic-
                  scattering at  HERA}",
     journal   = "Eur. Phys. J.",
     volume    = "C12",
     year      = "2000",
     pages     = "595-607",
     eprint    = "hep-ex/9907027",
     archivePrefix = "arXiv",
     doi       = "10.1007/s100520000287",
     SLACcitation  = "%%CITATION = HEP-EX/9907027;%%"
}

% Abazov:2008ez
@Article{Abazov:2008ez,
     author    = "Abazov, V. M. and others",
 collaboration = "D0",
     title     = "{Measurement of differential $Z / \gamma^{*}$ + jet + $X$
                  cross sections in $p \bar{p}$ collisions at $\sqrt{s}$ =
                  1.96-TeV}",
     journal   = "Phys. Lett.",
     volume    = "B669",
     year      = "2008",
     pages     = "278-286",
     eprint    = "0808.1296",
     archivePrefix = "arXiv",
     primaryClass  =  "hep-ex",
     doi       = "10.1016/j.physletb.2008.09.060",
     SLACcitation  = "%%CITATION = 0808.1296;%%"
}

% Abazov:2008qv
@Article{Abazov:2008qv,
     author    = "Abazov, V. M. and others",
 collaboration = "D0",
     title     = "{Measurement of the electron charge asymmetry in $p \bar{p}
                  \to W + X \to e \nu + X$ events at $\sqrt{s}$ = 1.96-TeV}",
     journal   = "Phys. Rev. Lett.",
     volume    = "101",
     year      = "2008",
     pages     = "211801",
     eprint    = "0807.3367",
     archivePrefix = "arXiv",
     primaryClass  =  "hep-ex",
     doi       = "10.1103/PhysRevLett.101.211801",
     SLACcitation  = "%%CITATION = 0807.3367;%%"
}

% Acosta:2004sn
@Article{Acosta:2004sn,
     author    = "Acosta, Darin E. and others",
 collaboration = "CDF",
     title     = "{Measurement of the cross section for prompt diphoton
                  production in $p\bar{p}$ collisions at $\sqrt{s} = 1.96$
                  TeV}",
     journal   = "Phys. Rev. Lett.",
     volume    = "95",
     year      = "2005",
     pages     = "022003",
     eprint    = "hep-ex/0412050",
     archivePrefix = "arXiv",
     doi       = "10.1103/PhysRevLett.95.022003",
     SLACcitation  = "%%CITATION = HEP-EX/0412050;%%"
}

% Abazov:2010fr
@Article{Abazov:2010fr,
     author    = "Abazov, V. M. and others",
 collaboration = "D0",
     title     = "{Measurement of the dijet invariant mass cross section in
                  $p\overline{p}$ collisions at $\sqrt{s} =$ 1.96 TeV}",
     year      = "2010",
     eprint    = "1002.4594",
     archivePrefix = "arXiv",
     primaryClass  =  "hep-ex",
     SLACcitation  = "%%CITATION = 1002.4594;%%"
}

% :2009mh
@Article{:2009mh,
     author    = "Abazov, V. M. and others",
 collaboration = "D0",
     title     = "{Measurement of dijet angular distributions at
                  sqrt{s}=1.96TeV and searches for quark compositeness and
                  extra spatial dimensions}",
     journal   = "Phys. Rev. Lett.",
     volume    = "103",
     year      = "2009",
     pages     = "191803",
     eprint    = "0906.4819",
     archivePrefix = "arXiv",
     primaryClass  =  "hep-ex",
     doi       = "10.1103/PhysRevLett.103.191803",
     SLACcitation  = "%%CITATION = 0906.4819;%%"
}

% Aaltonen:2008eq
@Article{Aaltonen:2008eq,
     author    = "Aaltonen, T. and others",
 collaboration = "CDF",
     title     = "{Measurement of the Inclusive Jet Cross Section at the
                  Fermilab Tevatron p-pbar Collider Using a Cone-Based Jet
                  Algorithm}",
     journal   = "Phys. Rev.",
     volume    = "D78",
     year      = "2008",
     pages     = "052006",
     eprint    = "0807.2204",
     archivePrefix = "arXiv",
     primaryClass  =  "hep-ex",
     doi       = "10.1103/PhysRevD.78.052006",
     SLACcitation  = "%%CITATION = 0807.2204;%%"
}

% Acosta:2001rm
@Article{Acosta:2001rm,
     author    = "Acosta, Darin E. and others",
 collaboration = "CDF",
     title     = "{Soft and hard interactions in $p\bar{p}$ collisions at
                  $\sqrt{s}=$ 1800-GeV and 630-GeV}",
     journal   = "Phys. Rev.",
     volume    = "D65",
     year      = "2002",
     pages     = "072005",
     doi       = "10.1103/PhysRevD.65.072005",
     SLACcitation  = "%%CITATION = PHRVA,D65,072005;%%"
}

% Aaltonen:2009ne
@Article{Aaltonen:2009ne,
     author    = "Aaltonen, T. and others",
 collaboration = "CDF",
     title     = "{Measurement of Particle Production and Inclusive
                  Differential Cross Sections in $p\bar{p}$ Collisions at
                  $\sqrt{s}=1.96$ TeV}",
     journal   = "Phys. Rev.",
     volume    = "D79",
     year      = "2009",
     pages     = "112005",
     eprint    = "0904.1098",
     archivePrefix = "arXiv",
     primaryClass  =  "hep-ex",
     doi       = "10.1103/PhysRevD.79.112005",
     SLACcitation  = "%%CITATION = 0904.1098;%%"
}

% Buskulic:1995au
@Article{Buskulic:1995au,
     author    = "Buskulic, D. and others",
 collaboration = "ALEPH",
     title     = "{First measurement of the quark to photon fragmentation
                  function}",
     journal   = "Z. Phys.",
     volume    = "C69",
     year      = "1996",
     pages     = "365-378",
     doi       = "10.1007/s002880050037",
     SLACcitation  = "%%CITATION = ZEPYA,C69,365;%%"
}

% Amsler:2008zzb
@Article{Amsler:2008zzb,
     author    = "Amsler, Claude and others",
 collaboration = "Particle Data Group",
     title     = "{Review of particle physics}",
     journal   = "Phys. Lett.",
     volume    = "B667",
     year      = "2008",
     pages     = "1",
     doi       = "10.1016/j.physletb.2008.07.018",
     SLACcitation  = "%%CITATION = PHLTA,B667,1;%%"
}

% Abazov:2007jy
@Article{Abazov:2007jy,
     author    = "Abazov, V. M. and others",
 collaboration = "D0",
     title     = "{Measurement of the shape of the boson rapidity
                  distribution for $p \bar{p} \to Z/gamma^* \to e^{+} e^{-}$
                  + $X$ events produced at $\sqrt{s}$ of 1.96-TeV}",
     journal   = "Phys. Rev.",
     volume    = "D76",
     year      = "2007",
     pages     = "012003",
     eprint    = "hep-ex/0702025",
     archivePrefix = "arXiv",
     doi       = "10.1103/PhysRevD.76.012003",
     SLACcitation  = "%%CITATION = HEP-EX/0702025;%%"
}

% Ansorge:1988kn
@Article{Ansorge:1988kn,
     author    = "Ansorge, R. E. and others",
 collaboration = "UA5",
     title     = "{Charged Particle Multiplicity Distributions at 200-GeV and
                  900-GeV Center-Of-Mass Energy}",
     journal   = "Z. Phys.",
     volume    = "C43",
     year      = "1989",
     pages     = "357",
     doi       = "10.1007/BF01506531",
     SLACcitation  = "%%CITATION = ZEPYA,C43,357;%%"
}

% :2007nt
@Article{:2007nt,
     author    = "Abazov, V. M. and others",
 collaboration = "D0",
     title     = "{Measurement of the shape of the boson transverse  momentum
                  distribution in $p \bar{p} \to Z / \gamma^{*} \to e^+ e^- +
                  X$ events produced at $\sqrt{s}$=1.96-TeV}",
     journal   = "Phys. Rev. Lett.",
     volume    = "100",
     year      = "2008",
     pages     = "102002",
     eprint    = "0712.0803",
     archivePrefix = "arXiv",
     primaryClass  =  "hep-ex",
     doi       = "10.1103/PhysRevLett.100.102002",
     SLACcitation  = "%%CITATION = 0712.0803;%%"
}

% Abazov:2001nta
@Article{Abazov:2001nta,
     author    = "Abazov, V. M. and others",
 collaboration = "D0",
     title     = "{Measurement of the ratio of differential cross sections
                  for $W$ and $Z$ boson production as a function of
                  transverse momentum in $p\bar{p}$ collisions at $\sqrt{s} =
                  1.8$ TeV}",
     journal   = "Phys. Lett.",
     volume    = "B517",
     year      = "2001",
     pages     = "299-308",
     eprint    = "hep-ex/0107012",
     archivePrefix = "arXiv",
     doi       = "10.1016/S0370-2693(01)01020-6",
     SLACcitation  = "%%CITATION = HEP-EX/0107012;%%"
}

% Abbiendi:2004qz
@Article{Abbiendi:2004qz,
     author    = "Abbiendi, G. and others",
 collaboration = "OPAL",
     title     = "{Measurement of event shape distributions and moments in e+
                  e- -->  hadrons at 91-GeV - 209-GeV and a determination of
                  alpha(s)}",
     journal   = "Eur. Phys. J.",
     volume    = "C40",
     year      = "2005",
     pages     = "287-316",
     eprint    = "hep-ex/0503051",
     archivePrefix = "arXiv",
     doi       = "10.1140/epjc/s2005-02120-6",
     SLACcitation  = "%%CITATION = HEP-EX/0503051;%%"
}

% Adams:2006nd
@Article{Adams:2006nd,
     author    = "Adams, John and others",
 collaboration = "STAR",
     title     = "{Identified hadron spectra at large transverse momentum in
                  p + p and d +  Au collisions at s(NN)**(1/2) = 200-GeV}",
     journal   = "Phys. Lett.",
     volume    = "B637",
     year      = "2006",
     pages     = "161-169",
     eprint    = "nucl-ex/0601033",
     archivePrefix = "arXiv",
     doi       = "10.1016/j.physletb.2006.04.032",
     SLACcitation  = "%%CITATION = NUCL-EX/0601033;%%"
}

% Affolder:1999ua
@Article{Affolder:1999ua,
     author    = "Affolder, Anthony Allen and others",
 collaboration = "CDF",
     title     = "{A measurement of the differential dijet mass cross section
                  in $p\bar{p}$  collisions at $\sqrt{s} = 1.8$ TeV}",
     journal   = "Phys. Rev.",
     volume    = "D61",
     year      = "2000",
     pages     = "091101",
     eprint    = "hep-ex/9912022",
     archivePrefix = "arXiv",
     doi       = "10.1103/PhysRevD.61.091101",
     SLACcitation  = "%%CITATION = HEP-EX/9912022;%%"
}

% Abazov:2004hm
@Article{Abazov:2004hm,
     author    = "Abazov, V. M. and others",
 collaboration = "D0",
     title     = "{Measurement of dijet azimuthal decorrelations at central
                  rapidities in $p\bar{p}$ collisions at $\sqrt{s} = 1.96$
                  TeV}",
     journal   = "Phys. Rev. Lett.",
     volume    = "94",
     year      = "2005",
     pages     = "221801",
     eprint    = "hep-ex/0409040",
     archivePrefix = "arXiv",
     doi       = "10.1103/PhysRevLett.94.221801",
     SLACcitation  = "%%CITATION = HEP-EX/0409040;%%"
}

% Alpgard:1982zx
@Article{Alpgard:1982zx,
     author    = "Alpgard, K. and others",
 collaboration = "UA5",
     title     = "{COMPARISON OF p anti-p and p p INTERACTIONS AT s**(1/2) =
                  53-GeV}",
     journal   = "Phys. Lett.",
     volume    = "B112",
     year      = "1982",
     pages     = "183",
     doi       = "10.1016/0370-2693(82)90325-2",
     SLACcitation  = "%%CITATION = PHLTA,B112,183;%%"
}

% Affolder:2001xt
@Article{Affolder:2001xt,
     author    = "Affolder, Anthony Allen and others",
 collaboration = "CDF",
     title     = "{Charged jet evolution and the underlying event in
                  $p\bar{p}$ collisions at 1.8 TeV}",
     journal   = "Phys. Rev.",
     volume    = "D65",
     year      = "2002",
     pages     = "092002",
     doi       = "10.1103/PhysRevD.65.092002",
     SLACcitation  = "%%CITATION = PHRVA,D65,092002;%%"
}

% :2008hua
@Article{:2008hua,
     author    = "Abazov, V. M. and others",
 collaboration = "D0",
     title     = "{Measurement of the inclusive jet cross-section in $p
                  \bar{p}$ collisions at $s^{91/2)}$ =1.96-TeV}",
     journal   = "Phys. Rev. Lett.",
     volume    = "101",
     year      = "2008",
     pages     = "062001",
     eprint    = "0802.2400",
     archivePrefix = "arXiv",
     primaryClass  =  "hep-ex",
     doi       = "10.1103/PhysRevLett.101.062001",
     SLACcitation  = "%%CITATION = 0802.2400;%%"
}

% Abazov:2005wc
@Article{Abazov:2005wc,
     author    = "Abazov, V. M. and others",
 collaboration = "D0",
     title     = "{Measurement of the isolated photon cross section in $p
                  \bar{p}$ collisions at $\sqrt{s}$ = 1.96-TeV}",
     journal   = "Phys. Lett.",
     volume    = "B639",
     year      = "2006",
     pages     = "151-158",
     eprint    = "hep-ex/0511054",
     archivePrefix = "arXiv",
     doi       = "10.1016/j.physletb.2006.04.048",
     SLACcitation  = "%%CITATION = HEP-EX/0511054;%%"
}

% Abelev:2006uq
@Article{Abelev:2006uq,
     author    = "Abelev, B. I. and others",
 collaboration = "STAR",
     title     = "{Longitudinal double-spin asymmetry and cross section for
                  inclusive jet  production in polarized proton collisions at
                  s**(1/2) = 200-GeV}",
     journal   = "Phys. Rev. Lett.",
     volume    = "97",
     year      = "2006",
     pages     = "252001",
     eprint    = "hep-ex/0608030",
     archivePrefix = "arXiv",
     doi       = "10.1103/PhysRevLett.97.252001",
     SLACcitation  = "%%CITATION = HEP-EX/0608030;%%"
}

% Abt:1994ye
@Article{Abt:1994ye,
     author    = "Abt, I. and others",
 collaboration = "H1",
     title     = "{Energy flow and charged particle spectrum in deep
                  inelastic scattering at HERA}",
     journal   = "Z. Phys.",
     volume    = "C63",
     year      = "1994",
     pages     = "377-390",
     doi       = "10.1007/BF01580319",
     SLACcitation  = "%%CITATION = ZEPYA,C63,377;%%"
}